@misc{SchalkSimmons2005,
author = {A. Schalk and H. Simmons},
title = {An introduction to category theory in four easy movements},
year = {2005},
note = {Notes for a course offered as part of the MSc in Mathematical Logic, Manchester University}
}
